@book{fulton_harris_2004,
  title     = {Representation Theory: A First Course},
  subtitle  = {A First Course},
  author    = {William Fulton and Joe Harris},
  series    = {Graduate Texts in Mathematics},
  publisher = {Springer New York, NY},
  year      = {2004},
  edition   = {1},
  pages     = {325-338},
  isbn      = {978-0-387-97527-6},
  doi       = {https://doi.org/10.1007/978-1-4612-0979-9},
}

@book{humphreys_1972,
  title     = {Introduction to Lie Algebras and Representation Theory},
  author    = {James E. Humphreys},
  series    = {Graduate Texts in Mathematics},
  publisher = {Springer New York, NY},
  year      = {1972},
  edition   = {1},
  pages     = {57-63},
  isbn      = {978-0-387-90053-7},
  doi       = {https://doi.org/10.1007/978-1-4612-6398-2},
}

@book{humphreys_1972_Weyl,
  title     = {Introduction to Lie Algebras and Representation Theory},
  author    = {James E. Humphreys},
  series    = {Graduate Texts in Mathematics},
  publisher = {Springer New York, NY},
  year      = {1972},
  edition   = {1},
  pages     = {47-50},
  isbn      = {978-0-387-90053-7},
  doi       = {https://doi.org/10.1007/978-1-4612-6398-2},
}

@book{Humphreys_1990,
  place={Cambridge},
  series={Cambridge Studies in Advanced Mathematics},
  title={Reflection Groups and Coxeter Groups},
  publisher={Cambridge University Press},
  author={Humphreys, James E.},
  pages={39-41},
  year={1990},
  collection={Cambridge Studies in Advanced Mathematics}
} 

@book{Tauvel2005,
  title     = {Lie Algebras and Algebraic Groups},
  author    = {Patrice Tauvel and Rupert W. T. Yu},
  series    = {Springer Monographs in Mathematics},
  publisher = {Springer Berlin, Heidelberg},
  year      = {2005},
  edition   = {1},
  pages     = {130-137},
  isbn      = {978-3-540-24170-6},
  doi       = {https://doi.org/10.1007/b139060},
}