@Inbook{Tauvel2005,
title="Lie algebras",
bookTitle="Lie Algebras and Algebraic Groups",
year="2005",
publisher="Springer Berlin Heidelberg",
address="Berlin, Heidelberg",
pages="277--297",
isbn="978-3-540-27427-8",
doi="10.1007/3-540-27427-8_19",
url="https://doi.org/10.1007/3-540-27427-8_19"
}

